@article{murthy2006mental,
  title={Mental health consequences of war: a brief review of research findings},
  author={Murthy, RS and Lakshminarayana, R},
  journal={World Psychiatry},
  volume={5},
  number={1},
  pages={25--30},
  year={2006},
  month={Feb}
}

@article{scholte2004mental,
  title={Mental health symptoms following war and repression in eastern Afghanistan},
  author={Scholte, WF and Olff, M and Ventevogel, P and de Vries, GJ and Jansveld, E and Cardozo, BL and others},
  journal={JAMA},
  volume={292},
  number={5},
  pages={585--593},
  year={2004},
  month={Aug 4}
}

