@article{murthy2006mental,
  title={Mental health consequences of war: a brief review of research findings},
  author={Murthy, RS and Lakshminarayana, R},
  journal={World Psychiatry},
  volume={5},
  number={1},
  pages={25--30},
  year={2006},
  month={Feb}
}

@article{scholte2004mental,
  title={Mental health symptoms following war and repression in eastern Afghanistan},
  author={Scholte, WF and Olff, M and Ventevogel, P and de Vries, GJ and Jansveld, E and Cardozo, BL and others},
  journal={JAMA},
  volume={292},
  number={5},
  pages={585--593},
  year={2004},
  month={Aug 4}
}

@incollection{yates2015resilience,
  title={Resilience Theory and the Practice of Positive Psychology From Individuals to Societies},
  author={Yates, TM and Tyrell, FA and Masten, AS},
  year={2015},
  booktitle={Positive Psychology in Practice: Promoting Human Flourishing in Work, Health, Education, and Everyday Life},
  publisher={Wiley}
}

@article{witter2017experience,
  title={How do health workers experience and cope with shocks? Learning from four fragile and conflict-affected health systems in Uganda, Sierra Leone, Zimbabwe and Cambodia},
  author={Witter, S and Wurie, H and Chandiwana, P and Namakula, J and So, S and Alonso-Garbayo, A and others},
  journal={Health Policy and Planning},
  volume={32},
  pages={iii3--iii13},
  year={2017}
}

@article{kimhi2018israel,
  title={The Israel Resilience Index},
  author={Kimhi, S and Marciano, H and Eshel, Y},
  journal={University of Haifa},
  year={2018}
}

@article{afzal2019scoping,
  title={A scoping review of the wider and long-term impacts of attacks on healthcare in conflict zones},
  author={Afzal, MH and Jafar, AJN},
  journal={Medicine, Conflict and Survival},
  volume={35},
  number={1},
  pages={43--64},
  year={2019}
}

@article{sberro2023resilience,
  title={Resilience, sense of danger, and reporting in wartime: a cross-sectional study of healthcare personnel in a general hospital},
  author={Sberro-Cohen, S and Amit, I and Barenboim, E and Roitman, A},
  journal={Human Resources for Health},
  volume={21},
  number={1},
  year={2023}
}

@article{ali2023war,
  title={The War in Sudan: How Weapons and Networks Shattered a Power Struggle},
  author={Ali, N},
  journal={GIGA Focus Afrika},
  number={4},
  year={2023},
  note={Provided in cooperation with: GIGA German Institute of Global and Area Studies. Available from: \url{www.ssoar.info}}
}

@article{dafallah2023destruction,
  title={Destruction, disruption and disaster: Sudan’s health system amidst armed conflict},
  author={Dafallah, A and Elmahi, OKO and Ibrahim, ME and Elsheikh, RE and Blanchet, K},
  journal={Conflict and Health},
  volume={17},
  year={2023},
  publisher={BioMed Central}
}

@article{elnakib2021providing,
  title={Providing care under extreme adversity: The impact of the Yemen conflict on the personal and professional lives of health workers},
  author={Elnakib, S and Elaraby, S and Othman, F and BaSaleem, H and Abdulghani AlShawafi, NA and Saleh Al-Gawfi, IA and others},
  journal={Social Science \& Medicine},
  volume={272},
  year={2021}
}

@article{zhang2019wellbeing,
  title={Well-being-oriented human resource management practices and employee performance in the Chinese banking sector: The role of social climate and resilience},
  author={Zhang, Y and LePine, JA and Buckman, BR and Wei, F},
  journal={Human Resource Management},
  volume={58},
  number={1},
  pages={85--97},
  year={2019},
  doi={10.1002/hrm.21934}
}

@article{connor2003development,
  title={Development of a new resilience scale: The Connor-Davidson Resilience Scale (CD-RISC)},
  author={Connor, KM and Davidson, JRT},
  journal={Depression and Anxiety},
  volume={18},
  number={2},
  pages={76--82},
  year={2003},
  doi={10.1002/da.10113}
}

@article{solomon1992elderly,
  title={Elderly Israeli holocaust survivors during the Persian Gulf War: a study of psychological distress},
  author={Solomon, Z and Prager, E},
  journal={American Journal of Psychiatry},
  volume={149},
  number={12},
  pages={1707--1710},
  year={1992}
}

@article{khader2015factors,
  title={Factors affecting healthcare workers’ willingness to work during pandemics: a cross-sectional study},
  author={Khader, YS and Samhouri, D and Aldalaykeh, M and Al-Farsi, S and Al Nsour, M and Abubakar, A},
  journal={BMC Public Health},
  volume={15},
  pages={498},
  year={2015}
}

@article{wurie2016retention,
  title={Retention of health workers in rural Sierra Leone: findings from life histories},
  author={Wurie, HR and Samai, M and Witter, S},
  journal={Human Resources for Health},
  volume={14},
  number={1},
  pages={3},
  year={2016}
}

@article{fouad2017health,
  title={Health workers and the weaponisation of health care in Syria: a preliminary inquiry for The Lancet–American University of Beirut Commission on Syria},
  author={Fouad, FM and Sparrow, A and Tarakji, A and Alameddine, M and El-Jardali, F and Coutts, A and others},
  journal={The Lancet},
  volume={390},
  number={10111},
  pages={2516--2526},
  year={2017}
}

@article{witter2017providing,
  title={Providing health care under extreme adversity: lessons from health workers in conflict-affected areas},
  author={Witter, S and Wurie, H and Chandiwana, P and Namakula, J and So, S and Vong, S and others},
  journal={Reproductive Health Matters},
  volume={25},
  number={51},
  pages={114--124},
  year={2017}
}

@book{pavignani2009analysing,
  title={Analysing disrupted health sectors: A modular manual},
  author={Pavignani, E and Colombo, S},
  year={2009},
  publisher={World Health Organization},
  address={Geneva}
}

@article{ssengooba2015health,
  title={Health systems reforms in Uganda: adoption and implementation of policies for retention of health workers in remote and rural areas},
  author={Ssengooba, F and McPake, B and Namakula, J and Hongoro, C and Rutebemberwa, E and Maseko, F and others},
  journal={BMC Health Services Research},
  volume={15},
  pages={347},
  year={2015}
}

@article{alnassar2023mental,
  title={Mental health impact of conflict on frontline workers in the Gaza Strip: A mixed-methods study},
  author={Alnassar, M and Al-Jawaldeh, H and Ayoub, H},
  journal={Conflict and Health},
  volume={17},
  number={1},
  pages={47},
  year={2023}
}

@article{abugraga2023health,
  title={Health workforce stress and resilience during armed conflict in Libya: a qualitative study},
  author={Abugraga, A and Elmabrouk, A and Ismail, A},
  journal={BMJ Open},
  volume={13},
  number={1},
  pages={e066731},
  year={2023}
}

@article{bashir2022religiosity,
  title={Religiosity and mental health resilience among healthcare workers in war-torn regions of Ethiopia},
  author={Bashir, M and others},
  journal={International Journal of Mental Health Systems},
  volume={16},
  number={1},
  pages={59},
  year={2022}
}

@article{zaman2023parental,
  title={Parental status, religiosity, and resilience among Pakistani emergency workers during crises},
  author={Zaman, S and Raza, A and Fatima, H},
  journal={BMC Psychiatry},
  volume={23},
  pages={112},
  year={2023}
}

@article{saleh2024barriers,
  title={Barriers to mental health service utilization among HCWs in conflict settings: A scoping review},
  author={Saleh, Y and Al-Khatib, A},
  journal={Journal of Global Health Reports},
  volume={8},
  pages={e2024001},
  year={2024}
}

@article{tadesse2023exposure,
  title={Exposure to conflict, perception of danger, and psychological coping in healthcare providers in Northern Ethiopia},
  author={Tadesse, Y and others},
  journal={Social Psychiatry and Psychiatric Epidemiology},
  year={2023}
}

@article{stewart2022hypervigilance,
  title={Hypervigilance and adaptive coping in trauma-exposed medical staff: Evidence from post-disaster zones},
  author={Stewart, TJ and Kim, H and Lopez, C},
  journal={International Journal of Stress Management},
  volume={29},
  number={4},
  pages={257--270},
  year={2022}
}
